<record xmlns='http://www.loc.gov/MARC21/slim'><leader>01914cim a22004572u 4500</leader><controlfield tag='001'>3600847</controlfield><controlfield tag='005'>20151214182722.0</controlfield><controlfield tag='007'>ss|lmnjluz|nuu</controlfield><controlfield tag='008'>991101s1985    nyunnn         l    eng d</controlfield><datafield ind1=' ' ind2=' ' tag='035'><subfield code='a'>(NIC)notisASF7912</subfield></datafield><datafield ind1=' ' ind2=' ' tag='035'><subfield code='a'>3600847</subfield></datafield><datafield ind1=' ' ind2=' ' tag='035'><subfield code='a'>(OCoLC)63896710</subfield></datafield><datafield ind1=' ' ind2=' ' tag='040'><subfield code='a'>NIC</subfield><subfield code='c'>NIC</subfield><subfield code='d'>NIC        </subfield><subfield code='d'>NIC</subfield></datafield><datafield ind1='1' ind2=' ' tag='100'><subfield code='a'>Stockwell, John,</subfield><subfield code='d'>1937- </subfield></datafield><datafield ind1='1' ind2='0' tag='245'><subfield code='a'>Secret wars of the CIA</subfield><subfield code='h'>[sound recording]</subfield></datafield><datafield ind1=' ' ind2=' ' tag='260'><subfield code='c'>1985.</subfield></datafield><datafield ind1=' ' ind2=' ' tag='300'><subfield code='a'>2 sound cassettes (150 min.) :</subfield><subfield code='b'>analog, mono.</subfield></datafield><datafield ind1=' ' ind2=' ' tag='500'><subfield code='a'>Recorded in Ithaca, NY by Cornell University.</subfield></datafield><datafield ind1=' ' ind2=' ' tag='500'><subfield code='a'>Accompanied by: Notes.</subfield></datafield><datafield ind1=' ' ind2=' ' tag='500'><subfield code='a'>Sponsored by: Student Finance Commission,Committee on United States-Latin American Relations (CUSLAR).</subfield></datafield><datafield ind1=' ' ind2=' ' tag='518'><subfield code='a'>Panel, October 2, 1985.</subfield></datafield><datafield ind1=' ' ind2=' ' tag='520'><subfield code='a'>Panel discusses several aspects of the CIA: recruitment on campus, international law and involvement in Central America, an &quot;inside&quot; view of the organization, and current CIA operations in Nicaragua.</subfield></datafield><datafield ind1=' ' ind2=' ' tag='540'><subfield code='a'>No reproductions authorized.</subfield></datafield><datafield ind1=' ' ind2='0' tag='651'><subfield code='a'>United States</subfield><subfield code='x'>Foreign relations</subfield><subfield code='z'>Central America.</subfield></datafield><datafield ind1=' ' ind2='0' tag='650'><subfield code='a'>Intelligence service.</subfield></datafield><datafield ind1=' ' ind2='0' tag='650'><subfield code='a'>International relations.</subfield></datafield><datafield ind1='2' ind2='0' tag='610'><subfield code='a'>Cornell University</subfield><subfield code='x'>Recruiting.</subfield></datafield><datafield ind1='1' ind2='0' tag='610'><subfield code='a'>United States.</subfield><subfield code='b'>Central Intelligence Agency.</subfield></datafield><datafield ind1='2' ind2='7' tag='610'><subfield code='a'>Cornell University</subfield><subfield code='2'>fast</subfield><subfield code='0'>(OCoLC)fst00530369</subfield></datafield><datafield ind1='1' ind2='7' tag='610'><subfield code='a'>United States.</subfield><subfield code='b'>Central Intelligence Agency</subfield><subfield code='2'>fast</subfield><subfield code='0'>(OCoLC)fst00536259</subfield></datafield><datafield ind1=' ' ind2='7' tag='650'><subfield code='a'>Diplomatic relations</subfield><subfield code='2'>fast</subfield><subfield code='0'>(OCoLC)fst01907412</subfield></datafield><datafield ind1=' ' ind2='7' tag='650'><subfield code='a'>Intelligence service</subfield><subfield code='2'>fast</subfield><subfield code='0'>(OCoLC)fst00975848</subfield></datafield><datafield ind1=' ' ind2='7' tag='650'><subfield code='a'>International relations</subfield><subfield code='2'>fast</subfield><subfield code='0'>(OCoLC)fst00977053</subfield></datafield><datafield ind1=' ' ind2='7' tag='651'><subfield code='a'>Central America</subfield><subfield code='2'>fast</subfield><subfield code='0'>(OCoLC)fst01244535</subfield></datafield><datafield ind1=' ' ind2='7' tag='651'><subfield code='a'>United States</subfield><subfield code='2'>fast</subfield><subfield code='0'>(OCoLC)fst01204155</subfield></datafield><datafield ind1='1' ind2=' ' tag='700'><subfield code='a'>MacMichael, David C.</subfield></datafield><datafield ind1='1' ind2=' ' tag='700'><subfield code='a'>Kenworthy, Eldon G.</subfield></datafield><datafield ind1='1' ind2=' ' tag='700'><subfield code='a'>Hathaway, Dale.</subfield></datafield><datafield ind1='1' ind2=' ' tag='899'><subfield code='a'>CULectures</subfield></datafield><datafield ind1=' ' ind2=' ' tag='905'><subfield code='a'>20000327120000.0</subfield></datafield><datafield ind1='2' ind2=' ' tag='948'><subfield code='a'>20141221</subfield><subfield code='b'>m</subfield><subfield code='d'>batch</subfield><subfield code='e'>lts</subfield><subfield code='x'>addfast</subfield></datafield></record>